@article{bolsaValores,
	Author = {F. R. Gomes},
	Title = {A Bolsa de Valores brasileira como fonte de informações financeiras},
	Year = {2007},
	Address = {Belo Horizonte, Brazil},
	Pages = {14},
	Editor = {Perspect Cientifica},
}

@article{acoes,
	Author = {D. B. Aires and R. C. Dametto and A. F. Crepaldi},
	Title = {Previsão de séries temporais financeiras utilizando redes
neurais artificiais: um comparativo na crise de 2008},
	Year = {2017},
	Address = {São Paulo, Brazil},
	Pages = {30},
}

@article{dp,
	Author = {Y. LeCun, Y. Bengio and G. Hinton},
	Title = {Deep learning},
	Year = {2015},
}

@article{rnc,
	Author = {A. C. G. Vargas and A. M. P. Carvalho and C. N. Vasconcelos},
	Title = {Um estudo sobre Redes Neurais Convolucionais e
sua aplicac¸ao em detecc¸ ˜ ao de pedestres},
	Year = {2017},
	Address = {Niteroi, Brazil},
	Pages = {4},
}

@article{rnc2,
	Author = {V. Souza and L. Araújo and L. Silva and A. Santos},
	Title = {Análise Comparativa de Redes Neurais Convolucionais no
Reconhecimento de Cenas},
	Year = {2020},
	Address = {Marabá, Brazil},
	Pages = {8},
}

@article{rnc3,
	Author = {A. S. Ferreira},
	Title = {Redes Neurais Convolucionais Profundas na Detecção de Plantas Daninhas em Lavoura de Soja},
	Year = {2017},
	Address = {Mato Grosso do Sul, Brazil},
	Pages = {80},
}

@article{rnc4,
	Author = {N. Kalchbrenner and E. Grefenstette and P. A. Blunsom},
	Title = {A convolutional neural network for modelling senteces},
	Year = {2014},
	Pages = {1404},
}

@article{rnc5,
	Author = {Van der Walt and S. J. G. Schonberger and J. Nunez-Inglesias and F. Boulonge and J. D. Warner and N. Yager and E. Goulliart and T. Yu},
	Title = {Scikit-image: image processing in Python},
	Year = {2014},
	Pages = {453},
}

@article{indice,
	Author = {Amilcar de Souza},
	Title = {Bovespa: Uma Análise do desempenho no período Pós-Real},
	Year = {2008},
	Pages = {71},
}

@article{indice_bovespa,
	Author = {H.P. Sanvicente},
	Title = {Índice Bovespa: um padrão para os investimentos brasileiros},
	Year = {1994},
	Address = {São Paulo, Brasil},
	Pages = {140},
}

@article{rna,
	Author = {LUDWIG JR and O. COSTA and E.M.M},
	Title = {Redes neurais: fundamentos e aplicação com programas em c},
	Year = {2007},
	Address = {Rio de Janeiro, Brasil}
}

@article{rna2,
	Author = {MARTINS M.A.S and METTE F and MACEDO, G.R},
	Title = {A Utilização de Redes Neurais Artificiais para a Estimação dos Preços da Petrobrás PN na Bovespa},
	Year = {2008},
    Pages = {16}
}

@article{rna3,
	Author = {M. Nabipour and P. Nayyeri and H. Jabani and A. Mosavi and E. Salwana and Shahab S},
	Title = {Deep Learning for Stock Market Prediction},
	Year = {2020},
	Address = {Teerão, Irã},
	Pages = {268},
}

@article{rnn4,
	Author = {G.B. Moura},
	Title = {Redes Neurais Recorrentes para a Classificação de Estruturas Retóricas},
	Year = {2018},
	Address = {Maringá, Brasil},
	Pages = {64},
}

@article{lstm1,
	Author = {J.Hochreiter},
	Title = {Untersuchungen zu dynamischen neuronalen Netzen},
	Year = {1991},
	Address = {Munchen, Germany},
	Pages = {74},
}

@article{ma3,
	Author = {Guanis B. Vilela Junior and Bráulio N.Lima and Adriano A. Pereira and Marcelo F. Rodrigues and José Ricardo L. Oliveira and Luís F. Silio and Anderson S. Carvalho and Heros R. Ferreira and Ricardo P. Passos},
	Title = {Métricas utilizadas para avaliar a eficiência de classificadores em algoritmos inteligentes},
	Year = {2022},
	Address = {Brasil},
	Pages = {14},
}

@article{tc1,
	Author = {Hongying Zheng and Hongyu Wang and Jianyoung Chen},
	Title = {Evolutionary Framework with Bidirectional Long Short-Term
Memory Network for Stock Price Prediction},
	Year = {2020},
	Address = {Shenzhen},
	Pages = {8},
}

@article{tc2,
	Author = {Hyejung Chung and Kyung-shik Shin},
	Title = {Genetic Algorithm-Optimized Long Short-Term
Memory Network for Stock Market Prediction},
	Year = {2018},
	Address = {Seoul, Coreia do Sul},
	Pages = {18},
}

@article{tc3,
	Author = {Armin Lawi and Hendra Mesra and Supri Amir},
	Title = {Implementation of Long Short‑Term
Memory and Gated Recurrent Units on grouped
time‑series data to predict stock prices
accurately},
	Year = {2022},
	Address = {Kyushu, Japão},
	Pages = {19},
}

@article{tc4,
	Author = {Jujie Wang and Zhenzhen Zhuang and Liu Feng},
	Title = {Intelligent Optimization Based Multi-Factor Deep Learning
Stock Selection Model and Quantitative Trading Strategy},
	Year = {2022},
	Address = {Bejing, China},
	Pages = {19},
}

@article{tc5,
	Author = {Pin Lv and Qinjuan Wu and Jia Xu and Yating Shu},
	Title = {Stock Index Prediction Based on Time Series Decomposition and Hybrid Model},
	Year = {2022},
	Address = {Chengdu, China},
	Pages = {18},
}

@article{tc6,
	Author = {Wei-Jia Wang and Yong Tang and Jason Xiong and Yi-Cheng Zhang},
	Title = {Stock market index prediction based on reservoir computing models},
	Year = {2022},
	Address = {Guangxi, China},
	Pages = {18},
}

@article{tc7,
	Author = {Wei-Jia Wang and Yong Tang and Jason Xiong and Yi-Cheng Zhang},
	Title = {Stock market index prediction based on reservoir computing models},
	Year = {2022},
	Address = {Guangxi, China},
	Pages = {18},
}

@article{tc8,
	Author = {Lamothe-Fernández and David Alaminos and Lamothe-López and Manuel A. Fernández-Gámez},
	Title = {Deep Learning Methods for Modeling Bitcoin Price},
	Year = {2020},
	Address = {Malaga, Espanha},
	Pages = {13},
}

@article{tc9,
	Author = {MOJTABA NABIPOUR and POOYAN NAYYERI and HAMED JABANI and
SHAHAB S and AMIR MOSAVI},
	Title = {Predicting Stock Market Trends Using Machine Learning and Deep Learning Algorithms
Via Continuous and Binary Data; a Comparative Analysis},
	Year = {2020},
	Address = {Iran},
	Pages = {14},
}

@article{metodologia1,
	Author = {Tatiana Engel Gerhardt and Denise Tolfo Silveira},
	Title = {Métodos de pesquisa},
	Year = {2009},
	Address = {Rio Grande do Sul, Brasil},
	Pages = {122},
}

@article{metodologia2,
	Author = {Antônio Carlos Gil},
	Title = {Como Elaborar
Projetos de Pesquisa},
	Year = {1996},
	Address = {São Paulo, Brasil},
	Pages = {101},
}

@article{metodologia3,
	Author = {Bianca Minetto Napoleão},
	Title = {ESTABELECENDO UMA STRING DE BUSCA PARA A IDENTIFICAÇÃO DE ESTUDOS SECUNDÁRIOS NA ENGENHARIA DE SOFTWARE},
	Year = {2019},
	Address = {Paraná, Brasil},
	Pages = {54},
}

@article{prisma,
	Author = {Matthew J. Page},
	Title = {Declaración PRISMA 2020: una guía actualizada para la publicación de revisiones sistemáticas},
	Year = {2021},
	Address = {Espanha},
	Pages = {10},
}

@article{analise_resultados1,
	Author = {SÉRGIO TONINI BUTTON},
	Title = {METODOLOGIA PARA PLANEJAMENTO EXPERIMENTAL E ANÁLISE DE RESULTADOS },
	Year = {2021}
	Address = {Campinas, Brasil},
	Pages = {88},
}

@article{analise_resultados2,
	Author = {Douglas C. Montgomery},
	Title = {Montgomery’s Design and Analysis of Experiments},
	Year = {1991}
	Address = {Estados Unidos},
	Pages = {730},
}

@article{backpropagation,
title = {Backpropagation neural networks: A tutorial},
journal = {Chemometrics and Intelligent Laboratory Systems},
volume = {18},
number = {2},
pages = {115-155},
year = {1993},
issn = {0169-7439},
doi = {https://doi.org/10.1016/0169-7439(93)80052-J},
url = {https://www.sciencedirect.com/science/article/pii/016974399380052J},
author = {Barry J. Wythoff},
abstract = {Wythoff, B.J., 1993. Backpropagation neural networks. A tutorial. Chemometrics and Intelligent Laboratory Systems, 18: 115–155. Artificial neural networks have enjoyed explosive growth in the past ten years. An indication of the rate of growth of research in this area is the fact that, although the first research journal devoted exclusively to this subject was just introduced in 1987, there are now at least five refereed neural net research journals. These developments are being taken seriously by the semiconductor industry as well: in addition to a host of products developed by smaller firms, Intel, AT & T Bell Labs, Motorola and Hitachi have all introduced silicon implementations of neural network algorithms. Neural networks have a very broad scope of potential application, including many tasks central to chemical research and development. This tutorial begins with a short history of neural network research, and a review of chemical applications. The bulk, however, is devoted to providing a clear and detailed introduction to the theory behind backpropagation neural networks, along with a discussion of practical issues facing developers.}
}

@Inbook{cross_validation,
author="Refaeilzadeh, Payam
and Tang, Lei
and Liu, Huan",
editor="Liu, Ling
and {\"O}zsu, M. Tamer",
title="Cross-Validation",
bookTitle="Encyclopedia of Database Systems",
year="2016",
publisher="Springer New York",
address="New York, NY",
pages="1--7",
isbn="978-1-4899-7993-3",
doi="10.1007/978-1-4899-7993-3_565-2",
url="https://doi.org/10.1007/978-1-4899-7993-3_565-2"
}


@inproceedings{ma2,
	Author = {Patel J and Shah S and Thakkar P and Kotecha K},
	Title = {Predicting stock and stock price index movement using trend
deterministic data preparation and machine learning techniques},
	Year = {2015},
	Pages = {259-268},
	Booktitle = {Expert Syst. Appl.}, 
	Volume = {1},	
}
@MISC{InfoMoney,
author = {InfoMoney},
title = {Mercado de Ações},
month = 8,
year = {2022},
howpublished={\url{infomoney.com.br/guias/mercado-de-acoes/}}
}

@MISC{sas,
author = {SAS},
title = {Deep Learning
O que é e qual sua importância?
},
month = 8,
year = {2022},
howpublished={\url{sas.com/pt_br/insights/analytics/deep-learning.html}}
}

@MISC{b3,
author = {B3},
title = {Ibovespa B3},
month = 8,
year = {2022},
howpublished={\url{b3.com.br/pt_br/market-data-e-indices/indices/indices-amplos/ibovespa.htm}}
}

@MISC{rnn3,
author = {Colah},
title = {Understanding LSTM Networks},
month = 8,
year = {2015},
howpublished={\url{colah.github.io/posts/2015-08-Understanding-LSTMs/}}
}

@MISC{capes,
author = {portal de periodicos CAPES},
title = {Quem somos},
month = 8,
year = {2022},
howpublished={\url{https://www-periodicos-capes-gov-br.ezl.periodicos.capes.gov.br/index.php/sobre/quem-somos.html}}
}

@BOOK{oracle,
author={EPM Information Development Team},
title={Oracle Cloud Como Trabalhar com o Planning},
publisher={Oracle},
year={2022},
}

@inproceedings{silva,
	Author = {SILVA; SAPATTI; FLAUZINO},
	Title = {Redes Neurais Artificiais Para Engenharia E Ciências Aplicadas},
	Year = {2010},
	Pages = {302},
	Booktitle = {Artliber},	
}

@inproceedings{rnn,
	Author = {Penna M},
	Title = {Rede neural artificial para deteccao de sobremortalidade atribuivel a colera no ceara},
	Year = {2004},
	Pages = {351-357},
	Booktitle = {Revista de Saude Publica},	
}

@inproceedings{rnn2,
	Author = {Segatto A.C, Coury D.V},
	Title = {Redes neurais artificiais recorrentes aplicadas na correção de sinais distorcidos pela saturação de transformadores de corrente},
	Year = {2006},
	Pages = {424-436},
	Booktitle = {Sba: Controle & Automação Sociedade Brasileira de Automatica},	
}

@manual{inmetro2003,
	Author = {INMETRO},
	Title = {Vocabulário internacional de termos fundamentais e gerais de
	metrologia},
	Year = {2013},
	Address = {Rio de Janeiro, Brasil},
	Pages = {75},
	isbn = {85-87090-90-9},
}


@inproceedings{sparrow1980,
	Author = {E. M. Sparrow},
	Title = {Forced Convection Heat Transfer in a Duct Having Spanwise-Periodic
	Rectangular Protuberances},
	Year = {1980},
	Pages = {149-167},
	Volume = {3},
	Booktitle = {Numerical Heat Transfer},
}


@article{clark1986,
	Author = {J. A. Clark},
	Title = {Private Communication},
	Year = {1986},
	Address = {University of Michigan},
}

@article{arruda2007,
	Author = {M. B. B. Arruda},
	Title = {Como fazer referências: bibliográficas, eletrônicas e demais
	formas de documentos},
	Year = {2007},
	Url = {http://bu.ufsc.br/framerefer.html}
}

@article{coimbra1978,
	Author = {A. L. Coimbra},
	Title = {Lessons of Continuum Mechanics},
	Year = {1978},
	Address = {São Paulo, Brazil},
	Pages = {428},
	Editor = {Edgard Blücher},
}



@inproceedings{bordalo1989,
	Author = {S. N. Bordalo and J. H. Ferziger and S. J. Kline},
	Title = {The Development of Zonal Models for Turbulence},
	Year = {1989},
	Pages = {41-44},
	Booktitle = {Proceedings of the 10th Brazilian Congress of Mechanical
	Engineering}, 
	Volume = {1},	
}

@manual{NBR14724:2011,
	Address = {Rio de Janeiro},
	Date-Added = {2012-12-15 20:34:08 +0000},
	Date-Modified = {2012-12-15 20:35:25 +0000},
	Month = mar,
	Org-Short = {ABNT},
	Organization = {Associa{\c c}\~ao Brasileira de Normas T\'ecnicas},
	Pages = 15,
	Subtitle = {Informa{\c c}\~ao e documenta{\c c}\~ao --- trabalhos acad\^emicos --- apresenta{\c c}\~ao},
	Title = {{NBR} 14724},
	Year = 2011
}

@manual{NBR6034:2000,
	Address = {Rio de Janeiro},
	Org-Short = {ABNT},
	Organization = {Associa{\c c}\~ao Brasileira de Normas T\'ecnicas},
	Subtitle = {Informa{\c c}\~ao e documenta{\c c}\~ao --- Referências},
	Title = {{NBR} 14724},
	Year = 2000
}

